@book{Smith:1776uz,
	author = {Smith, Adam},
	title = {{An inquiry into the nature and causes of the wealth of nations}},
	publisher = {W. Strahan and T. Cadell},
	year = {1776},
	address = {London},
	language = {English},
	read = {Yes},
	rating = {0},
	date-added = {2012-09-30T15:36:47GMT},
	date-modified = {2012-09-30T15:40:04GMT}
}